<?xml version="1.0" encoding="UTF-8"?><collection xmlns="http://www.loc.gov/MARC21/slim"><record><leader>00423nam--2200157-i-4500</leader><controlfield tag="001">000029046</controlfield><controlfield tag="002">20161230</controlfield><controlfield tag="005">20170106171512</controlfield><controlfield tag="008">060222s1000------------r-----000-0-eng-d</controlfield><datafield ind1=" " ind2=" " tag="080"><subfield code="a">621.3.049.77:538.915</subfield></datafield><datafield ind1=" " ind2=" " tag="100"><subfield code="a">Levine, Sumner N</subfield></datafield><datafield ind1=" " ind2=" " tag="245"><subfield code="a">Principles of solid-state microelectronics</subfield></datafield><datafield ind1=" " ind2=" " tag="260"><subfield code="a">New York</subfield><subfield code="b">Holt, Reinhart And Winston</subfield><subfield code="c">1963</subfield></datafield><datafield ind1=" " ind2=" " tag="300"><subfield code="a">XI + 211p</subfield></datafield><datafield ind1=" " ind2=" " tag="852"><subfield code="a">76167</subfield></datafield><datafield ind1=" " ind2=" " tag="CAT"><subfield code="a">SYS</subfield><subfield code="c">20170106</subfield><subfield code="h">171512</subfield></datafield></record></collection>